<?xml version="1.0" encoding="UTF-8" ?>
<collection xmlns:xsi="http://www.w3.org/2001/XMLSchema-instance" xsi:schemaLocation="http://www.loc.gov/MARC21/slim http://www.loc.gov/standards/marcxml/schema/MARC21slim.xsd" xmlns="http://www.loc.gov/MARC21/slim">
   <record>
      <leader>     cam a22      a 4500</leader>
      <controlfield tag="001">1649265</controlfield>
      <controlfield tag="003">NIC</controlfield>
      <controlfield tag="005">20141022085430.0</controlfield>
      <controlfield tag="008">900123s1951    ua       b    000 0 ara d</controlfield>
      <datafield tag="035" ind1=" " ind2=" ">
         <subfield code="a">(NIC)notisAHT4543</subfield>
      </datafield>
      <datafield tag="035" ind1=" " ind2=" ">
         <subfield code="a">(OCoLC)31084397</subfield>
      </datafield>
      <datafield tag="035" ind1=" " ind2=" ">
         <subfield code="a">1649265</subfield>
      </datafield>
      <datafield tag="040" ind1=" " ind2=" ">
         <subfield code="a">NIC</subfield>
         <subfield code="c">NIC</subfield>
      </datafield>
      <datafield tag="050" ind1=" " ind2="4">
         <subfield code="a">KBL</subfield>
         <subfield code="b">.I396 1961</subfield>
      </datafield>
      <datafield tag="100" ind1="1" ind2=" ">
         <subfield code="a">Ibn Taymīyah, Aḥmad ibn ʻAbd al-Ḥalīm,</subfield>
         <subfield code="d">1263-1328.</subfield>
      </datafield>
      <datafield tag="245" ind1="1" ind2="3">
         <subfield code="a">al-Siyāsah al-sharʻiyah fī iṣlāḥ al-rāʻī wa-al-raʻīyah /</subfield>
         <subfield code="c">li-Taqī al-Dīn ibn Taymīyah ; rājaʻahu wa-ḥaqqaqahu ʻAlī Sāmī al-Nashshār, Aḥmad Zakī ʻAṭīyah.</subfield>
      </datafield>
      <datafield tag="250" ind1=" " ind2=" ">
         <subfield code="a">al-Ṭabʻah 2.</subfield>
      </datafield>
      <datafield tag="260" ind1=" " ind2=" ">
         <subfield code="a">[Cairo] :</subfield>
         <subfield code="b">Dār al-Kitāb al-ʻArabī bi-Miṣr,</subfield>
         <subfield code="c">1951.</subfield>
      </datafield>
      <datafield tag="300" ind1=" " ind2=" ">
         <subfield code="a">11, 180 p. ;</subfield>
         <subfield code="c">20 cm.</subfield>
      </datafield>
      <datafield tag="504" ind1=" " ind2=" ">
         <subfield code="a">Includes bibliographical references.</subfield>
      </datafield>
      <datafield tag="650" ind1=" " ind2="0">
         <subfield code="a">Public law (Islamic law)</subfield>
      </datafield>
      <datafield tag="700" ind1="1" ind2=" ">
         <subfield code="a">Nashshār, ʻAlī Sāmī.</subfield>
      </datafield>
      <datafield tag="700" ind1="1" ind2=" ">
         <subfield code="a">ʻAṭīyah, Aḥmad Zakī.</subfield>
      </datafield>
      <datafield tag="905" ind1=" " ind2=" ">
         <subfield code="a">19981014120000.0</subfield>
      </datafield>
      <datafield tag="948" ind1="2" ind2=" ">
         <subfield code="a">20141022</subfield>
         <subfield code="b">m</subfield>
         <subfield code="d">bmt1</subfield>
         <subfield code="e">lts</subfield>
      </datafield>
      <datafield tag="903" ind1=" " ind2=" ">
         <subfield code="a">NYUACO</subfield>
         <subfield code="d">20141028</subfield>
         <subfield code="p">31924080444767</subfield>
      </datafield>
      <datafield tag="950" ind1=" " ind2=" ">
         <subfield code="a">KBL</subfield>
         <subfield code="b">.I396 1961</subfield>
         <subfield code="v"> </subfield>
      </datafield>
   </record>
</collection>
